@misc{Genre,
	author = "Jim Samson",
	title = "Genre",
	year = "2001",
	publisher = "Oxford University Press",
	isbn = "9781561592630",
	doi = "10.1093/gmo/9781561592630.article.40599",
	url = "https://www.oxfordmusiconline.com/grovemusic/view/10.1093/gmo/9781561592630.001.0001/omo-9781561592630-e-0000040599"
}

@book{cook1998music,
	title={Music: A Very Short Introduction},
	author={Cook, N.},
	isbn={9780191776441},
	lccn={2001265898},
	series={Very short introductions},
	url={https://books.google.co.id/books?id=2OKZAQAACAAJ},
	year={1998},
	publisher={Oxford University Press}
}

@book{mohri2012foundations,
	title={Foundations of Machine Learning},
	author={Mohri, M. and Rostamizadeh, A. and Talwalkar, A.},
	isbn={9780262018258},
	lccn={2012007249},
	series={Adaptive Computation and Machine Learning series},
	url={https://books.google.com.sg/books?id=maz6AQAAQBAJ},
	year={2012},
	publisher={MIT Press}
}

@book{shalev2014understanding,
	title={Understanding Machine Learning: From Theory to Algorithms},
	author={Shalev-Shwartz, S. and Ben-David, S.},
	isbn={9781107057135},
	lccn={2014001779},
	series={Understanding Machine Learning: From Theory to Algorithms},
	url={https://books.google.co.id/books?id=ttJkAwAAQBAJ},
	year={2014},
	publisher={Cambridge University Press}
}


@book{holt2007genre,
	title={Genre in Popular Music},
	author={Holt, F. and Rimmerman, C.A. and Wilcox, C.},
	isbn={9780226350394},
	lccn={2006101402},
	url={https://books.google.co.id/books?id=Ek8ssV0pv\_IC},
	year={2007},
	publisher={University of Chicago Press}
}

@article{Elbir2018MusicGC,
	title={Music Genre Classification and Recommendation by Using Machine Learning Techniques},
	author={Ahmet M. Elbir and Hilmi Bilal Çam and Mehmet Emre Iyican and Berkay {\"O}zt{\"u}rk and Nizamettin Aydin},
	journal={2018 Innovations in Intelligent Systems and Applications Conference (ASYU)},
	year={2018},
	pages={1-5}
}

@online{musicb,
	author = {Ingham, Tim},
	title = {Tracks Are Now Uploaded To Spotify Every Day. That’s Nearly One Per Second},
	year = 2021,
	url = {https://www.musicbusinessworldwide.com/over-60000-tracks-are-now-uploaded-to-spotify-daily-thats-nearly-one-per-second/},
	urldate = {2021-10-20}
}

@article{prasetyo,
	author = {Prasetyo, Pandu and Wijaya, I Gede Pasek Suta and Husodo, Ario},
	year = {2019},
	month = {09},
	pages = {},
	title = {Klasifikasi Genre Musik Menggunakan Metode Mel-Frequency Cepstrum Coefficients dan K-Nearest Neighbors Classifier},
	volume = {1},
	journal = {Jurnal Teknologi Informasi, Komputer, dan Aplikasinya (JTIKA )},
	doi = {10.29303/jtika.v1i2.41}
}

@article{DBLP:journals/corr/abs-1804-01149,
	author    = {Hareesh Bahuleyan},
	title     = {Music Genre Classification using Machine Learning Techniques},
	journal   = {CoRR},
	volume    = {abs/1804.01149},
	year      = {2018},
	url       = {http://arxiv.org/abs/1804.01149},
	eprinttype = {arXiv},
	eprint    = {1804.01149},
	timestamp = {Mon, 13 Aug 2018 16:46:16 +0200},
	biburl    = {https://dblp.org/rec/journals/corr/abs-1804-01149.bib},
	bibsource = {dblp computer science bibliography, https://dblp.org}
}

@inproceedings{Haggblade2011MusicGC,
	title={Music Genre Classification},
	author={Michael Haggblade and Yang Hong and Kenny Kao},
	year={2011}
}

@article{machineL,
	author = {Simon, Annina and Deo, Mahima and Selvam, Venkatesan and Babu, Ramesh},
	year = {2016},
	month = {01},
	pages = {22-24},
	title = {An Overview of Machine Learning and its Applications},
	volume = {Volume},
	journal = {International Journal of Electrical Sciences & Engineering}
}

@BOOK{deepL,
	TITLE = {Deep Learning},
	AUTHOR = {Goodfellow, Ian},
	YEAR = {2015},
	PUBLISHER = {Cambridge: The MIT Press},
}

@inproceedings{hmmaudio,
	author = {Xu, Min and Duan, Ling-Yu and Cai, Jianfei and Chia, Liang-Tien and Xu, Changsheng and Tian, Qi},
	year = {2004},
	month = {11},
	pages = {566-574},
	title = {HMM-Based Audio Keyword Generation},
	volume = {3333},
	isbn = {978-3-540-23985-7},
	doi = {10.1007/978-3-540-30543-9_71}
}

@inproceedings{Widodo2017PenerapanMM,
	title={Penerapan Metode Mel Frequency Ceptral Coefficient dan Learning Vector Quantization untuk Text-Dependent Speaker Identification},
	author={Sukoreno Mukti Widodo and Elisafina Siswanto and Oetomo Sudjana},
	year={2017}
}

@inproceedings{acousticb,
	author = {Bogdanov, Dmitry and Serra, Xavier},
	year = {2017},
	month = {01},
	pages = {},
	title = {Quantifying music trends and facts using editorial metadata from the Discogs database}
}

@article{acousticb2,
	author = {Bogdanov, D. and Porter A. and Schreiber H. and Urbano J. and Oramas S.},
	year = {2019},
	title = {The AcousticBrainz Genre Dataset: Multi-Source, Multi-Level, Multi-Label, and Large-Scale},
	journal = {20th International Society for Music Information Retrieval Conference (ISMIR 2019)}
}

@article{Quinto2017JazzMS,
	title={Jazz music sub-genre classification using deep learning},
	author={Rene Josiah M. Quinto and Rowel O. Atienza and Nestor Michael C. Tiglao},
	journal={TENCON 2017 - 2017 IEEE Region 10 Conference},
	year={2017},
	pages={3111-3116}
}

@article{Sousa2016ARM,
	title={A robust music genre classification approach for global and regional music datasets evaluation},
	author={Jefferson Martins de Sousa and Eanes Torres Pereira and Luciana Ribeiro Veloso},
	journal={2016 IEEE International Conference on Digital Signal Processing (DSP)},
	year={2016},
	pages={109-113}
}

@BOOK{audiosignal1,
	author = {Sen, Soumya and Dutta, Anjan and Dey, Nilanjan},
	year = {2018},
	month = {12},
	pages = {},
	title = {Audio Processing and Speech Recognition: Concepts, Techniques and Research Overviews},
	isbn = {ISBN-10: 9811360979},
	doi = {10.1007/978-981-13-6098-5}
}

@BOOK{li2019digital,
	title={Digital Signal Processing in Audio and Acoustical Engineering},
	author={Li, F.F. and Cox, T.J.},
	isbn={9781466593893},
	lccn={2018039090},
	url={https://books.google.co.id/books?id=6y\_3DwAAQBAJ},
	year={2019},
	publisher={CRC Press}
}

@book{lefaivre2019characterizing,
	title={Characterizing and Classifying Music Genres and Subgenres Via Association Analysis},
	author={Lefaivre, A.T.},
	url={https://books.google.co.id/books?id=O04nzgEACAAJ},
	year={2019},
	publisher={University of Lethbridge}
}

@article{tsatsishvili,
	author = {Tsatsishvili, Valeri},
	year = {2011},
	month = {11},
	pages = {},
	title = {AUTOMATIC SUBGENRE CLASSIFICATION OF HEAVY METAL MUSIC},
	journal = {Master's Thesis}
}

@inproceedings{quinto,
	author={Quinto, Rene Josiah M. and Atienza, Rowel O. and Tiglao, Nestor Michael C.},
	booktitle={TENCON 2017 - 2017 IEEE Region 10 Conference}, 
	title={Jazz music sub-genre classification using deep learning}, 
	year={2017},
	volume={},
	number={},
	pages={3111-3116},
	doi={10.1109/TENCON.2017.8228396}
}

@inproceedings{Mulder2014AutomaticCO,
	title={Automatic Classification of Heavy Metal Music},
	author={D. G. J. Mulder},
	year={2014}
}

@article{DBLP:journals/corr/BenziDVB16,
	author    = {Kirell Benzi and
	Micha{\"{e}}l Defferrard and
	Pierre Vandergheynst and
	Xavier Bresson},
	title     = {{FMA:} {A} Dataset For Music Analysis},
	journal   = {CoRR},
	volume    = {abs/1612.01840},
	year      = {2016},
	url       = {http://arxiv.org/abs/1612.01840},
	eprinttype = {arXiv},
	eprint    = {1612.01840},
	timestamp = {Mon, 13 Aug 2018 16:48:00 +0200},
	biburl    = {https://dblp.org/rec/journals/corr/BenziDVB16.bib},
	bibsource = {dblp computer science bibliography, https://dblp.org}
}

@inproceedings{McDermott2005TheSO,
	title={The State-ofthe-Art of Music Information Retrieval},
	author={Scott D. McDermott},
	year={2005}
}